

@MastersThesis{PA_bicycle,
author = {Roman Schneider, Daniel Studer},
title = {Bicycle computer and sensoric powered with harvested energy},
type = {Projektarbeit},
school = {ZHAW School of Engineering},
year = {2015}
}

@Manual{datasheet_EM85,
title = {EM8500, Power Management Controller with energy harvesting interface},
OPTkey = {},
author = {EMMicroelectronic},
organization = {Datasheet},
OPTaddress = {•},
OPTedition = {},
OPTmonth = {•},
year = {2015},
note = {V 1.0}, 
OPTannote = {•}
}


@Manual{config_EM85,
title = {EM8500, Configuration Of The Harvesting Parameters},
OPTkey = {},
author = {EMMicroelectronic},
organization = {Applicatinnote},
OPTaddress = {•},
OPTedition = {},
OPTmonth = {•},
year = {2015},
note = {V 1.0}, 
OPTannote = {•}
}